@article{Hall01thenber,
    author = {Bronwyn Hall and Adam Jaffe and Manuel Trajtenberg},
    title = {The NBER patent citations data file: Lessons, insights and methodological tools},
    year = {2001}
}

@techreport{Griliches1987,
 title = "The Value of Patents as Indicators of Inventive Activity",
 author = "Zvi Griliches and Ariel Pakes and Bronwyn H. Hall",
 institution = "National Bureau of Economic Research",
 type = "Working Paper",
 series = "Working Paper Series",
 number = "2083",
 year = "1988",
 month = "September",
 doi = {10.3386/w2083},
 URL = "http://www.nber.org/papers/w2083",
}

@InCollection{Griliches1982,
  author={Zvi Griliches},
  title={{Market Value, R\&D, and Patents}},
  booktitle={{R\&D, Patents, and Productivity}},
  publisher={National Bureau of Economic Research, Inc},
  year=1984,
  month={October},
  volume={},
  number={},
  series={NBER Chapters},
  edition={},
  chapter={},
  pages={249-252},
  keywords={},
  abstract={No abstract is available for this item.},
  url={http://ideas.repec.org/h/nbr/nberch/10052.html}
}

@inproceedings{Leskovec:2005,
 author = {Leskovec, Jure and Kleinberg, Jon and Faloutsos, Christos},
 title = {Graphs over Time: Densification Laws, Shrinking Diameters and Possible Explanations},
 booktitle = {Proceedings of the Eleventh ACM SIGKDD International Conference on Knowledge Discovery in Data Mining},
 series = {KDD '05},
 year = {2005},
 isbn = {1-59593-135-X},
 location = {Chicago, Illinois, USA},
 pages = {177--187},
 numpages = {11},
 url = {http://doi.acm.org/10.1145/1081870.1081893},
 doi = {10.1145/1081870.1081893},
 acmid = {1081893},
 publisher = {ACM},
 address = {New York, NY, USA},
 keywords = {densification power laws, graph generators, graph mining, heavy-tailed distributions, small-world phenomena},
} 


@techreport{Hall2000,
 title = "Market Value and Patent Citations: A First Look",
 author = "Bronwyn H. Hall and Adam B. Jaffe and Manuel Trajtenberg",
 institution = "National Bureau of Economic Research",
 type = "Working Paper",
 series = "Working Paper Series",
 number = "7741",
 year = "2000",
 month = "June",
 doi = {10.3386/w7741},
 URL = "http://www.nber.org/papers/w7741",
}

@article{leskovec2007graph,
  title={Graph evolution: Densification and shrinking diameters},
  author={Leskovec, Jure and Kleinberg, Jon and Faloutsos, Christos},
  journal={ACM Transactions on Knowledge Discovery from Data (TKDD)},
  volume={1},
  number={1},
  pages={2},
  year={2007},
  publisher={ACM}
}

@article{Acs2002,
title = "Patents and innovation counts as measures of regional production of new knowledge ",
journal = "Research Policy ",
volume = "31",
number = "7",
pages = "1069 - 1085",
year = "2002",
note = "",
issn = "0048-7333",
doi = "http://dx.doi.org/10.1016/S0048-7333(01)00184-6",
url = "http://www.sciencedirect.com/science/article/pii/S0048733301001846",
author = "Zoltan J Acs and Luc Anselin and Attila Varga",
}


@book{schmookler1966,
  title={Invention and economic growth},
  author={Schmookler, J.},
  lccn={66014453},
  url={http://books.google.com.sg/books?id=eQozAAAAMAAJ},
  year={1966},
  publisher={Harvard University Press}
}

@techreport{formattingpatentdata,
	title = {{ Extracting and Formatting Patent Data from USPTO XML }},
	author = {{ Gabe Fierro }},
	institution = {{ Fung Institute; UC Berkeley }},	
	year = {2013}
}

@inproceedings{disambiguation,
  title =  "Disambiguation and Co-authorship Networks of the U.S. Patent Inventor Database (1975 - 2010)",
  author = "Ronald Lai and Alexander D'Amour and Amy Yu and Ye Sun and Lee Fleming",
  institution = "Harvard Business School; Harvard Institute of Quantitative Social Science",
  year = "2011"
}

@article{Torvik:2009,
 author = {Torvik, Vetle I. and Smalheiser, Neil R.},
 title = {Author Name Disambiguation in MEDLINE},
 journal = {ACM Trans. Knowl. Discov. Data},
 issue_date = {July 2009},
 volume = {3},
 number = {3},
 month = jul,
 year = {2009},
 issn = {1556-4681},
 pages = {11:1--11:29},
 articleno = {11},
 numpages = {29},
 url = {http://doi.acm.org/10.1145/1552303.1552304},
 doi = {10.1145/1552303.1552304},
 acmid = {1552304},
 publisher = {ACM},
 address = {New York, NY, USA},
 keywords = {Name disambiguation, bibliographic databases},
} 

@misc{floyd-war-wiki,
	title={Floyd–Warshall algorithm},
	HOWPUBLISHED={\url{http://en.wikipedia.org/wiki/Floyd%E2%80%93Warshall_algorithm}}
}

@misc{Johnson-alg,
	title={Johnson algorithm},
	HOWPUBLISHED={\url{http://en.wikipedia.org/wiki/Johnson%27s_algorithm}}
}

@misc{Eigenvecto-wiki,
	title={Eigenvecto centrality},
	HOWPUBLISHED={\url{http://en.wikipedia.org/wiki/Centrality#Eigenvector_centrality}}
}

@misc{katz-wiki,
	title={Katz centrality},
	HOWPUBLISHED={\url{http://en.wikipedia.org/wiki/Katz_centrality}}
}



@misc{pagerank-wiki,
  title={Page Rank Algorithm},
  HOWPUBLISHED={\url{http://en.wikipedia.org/wiki/PageRank}}
}


@misc{gephi,
	title={Gephi},
	HOWPUBLISHED={\url{https://gephi.github.io/}}
}


@misc{igraph,
  title={igraph – The Network Analysis Package},
  HOWPUBLISHED={\url{http://igraph.org/}}
}


@misc{gnuplot,
  title={gnuplot},
  HOWPUBLISHED={\url{http://www.gnuplot.info/}}
}

@misc{usptodb,
  title={United States Patent and Trademark Office Bulk Downloads},
  HOWPUBLISHED={\url{https://www.google.com/googlebooks/uspto-patents-grants-text.html}}
}

@misc{graphviz,
  title={Graphviz - Graph Visualization Software},
  HOWPUBLISHED={\url{http://www.graphviz.org/}}
}


@misc{python,
  title={Python},
  HOWPUBLISHED={\url{http://www.python.org/}}
}

@misc{dvn,
  title={Harvard Dataverse Network },
  HOWPUBLISHED={\url{https://dvn.iq.harvard.edu/}}
}

@misc{reuters-method,
  title={THE CRITERIA FOR THE THOMSON REUTERS TOP 100 GLOBAL INNOVATOR AWARD},
  HOWPUBLISHED={\url{http://top100innovators.com/pdf/Top-100-Global-Innovators-2014-Methodology.pdf}}
}


@misc{247wallst,
  title = {The Most Innovative Companies in the World - Google (NASDAQ:GOOG) - 24/7 Wall St.},
  HOWPUBLISHED={\url{http://247wallst.com/special-report/2014/01/14/the-most-innovative-companies-in-the-world-3/}},
  month = {Jan},
  year = {2014}
}

@misc{top100,
  title={Top 100 Global Innovators in 2013 - Thomson Reuters},
  HOWPUBLISHED={\url{http://top100innovators.com/}},
  year = {2013}
}

@article{albert1991direct,
 title={Direct validation of citation counts as indicators of industrially important patents},
 author={Albert, Michael B and Avery, Daniel and Narin, Francis and McAllister, Paul},
 journal={Research policy},
 volume={20},
 number={3},
 pages={251--259},
 year={1991},
 publisher={Elsevier}
}

@article{narin1987patents,
 title={Patents as indicators of corporate technological strength},
 author={Narin, Francis and Noma, Elliot and Perry, Ross},
 journal={Research policy},
 volume={16},
 number={2},
 pages={143--155},
 year={1987},
 publisher={Elsevier}
}



@article{Kim2013944,
  Author = {Hyoungshick Kim and JaeSeung Song},
  Doi = {http://dx.doi.org/10.1016/j.techfore.2012.10.014},
  Issn = {0040-1625},
  Journal = {Technological Forecasting and Social Change},
  Keywords = {Mobile industry},
  Number = {5},
  Pages = {944 - 955},
  Title = {Social network analysis of patent infringement lawsuits},
  Url = {http://www.sciencedirect.com/science/article/pii/S0040162512002600},
  Volume = {80},
  Year = {2013},
}



@article{aktamov,
  Author = {Sherzod Aktamov and Yan Zhao},
  Title={Impact of Network Centrality Positions on Innovation Performance of the Firm: Evidence from China Automobile Industry},
  Year={2014},
  Doi={http://dx.doi.org/10.5296/bms.v5i1.5183}
  }

@article{Lee2010,
title = "Quantitative mapping of patented technology â The case of electrical conducting polymer nanocomposite ",
journal = "Technological Forecasting and Social Change ",
volume = "77",
number = "3",
pages = "466 - 478",
year = "2010",
note = "",
issn = "0040-1625",
doi = "http://dx.doi.org/10.1016/j.techfore.2009.08.006",
url = "http://www.sciencedirect.com/science/article/pii/S0040162509001309",
author = "Pei-Chun Lee and Hsin-Ning Su and Feng-Shang Wu",
keywords = "Network analysis",
keywords = "Technology evolution",
keywords = "Mapping",
keywords = "Patent citation",
keywords = "Quantitative analysis "
}


@techreport{NBER,
  title = "The NBER Patent Citation Data File: Lessons, Insights and Methodological Tools",
  author = "Bronwyn H. Hall and Adam B. Jaffe and Manuel Trajtenberg",
  institution = "National Bureau of Economic Research",
  number = "8498",
  year = "2001",
  month = "October",
}

@misc{micropatent,
  author = "MicroPatent",
  howpublished={\url{http://www.micropat.com/static/index.htm}},
  year = {1998}
}

@misc{newparser,
  author = {{ Fung Institute Patent Group}},
  howpublished={\url{https://github.com/funginstitute/patentprocessor/}},
  year = {2013}
}

@techreport{geocoding,
    author    = {{ Kevin Johnson }},
    title     = {{ Geocoding Patent Data}},
    institution = {{ Fung Institute ; UC Berkeley}},
    year      = {2013},
}

@misc{geotable,
    author = {{ Jeffrey Oldham, Kevin Johnson, Google Inc}},
    howpublished={\url{https://s3.amazonaws.com/fungpatdownloads/geolocation_data.7z}},
    year = {2013},
}


@techreport{newdisambiguation,
    author = {{Guan-Cheng Li }},
    year = {2013},
    title = {{ Disambiguation of Inventors, USPTO 1975-2013 }},
    institution = {{ Fung Institute ; UC Berkeley }},
}